<collection xmlns="http://www.loc.gov/MARC21/slim">
<record>
  <leader>01545nam0a2200289 i 450 </leader>
  <controlfield tag="001">IT\ICCU\CNCE\058057</controlfield>
  <controlfield tag="005">20130830000000.0</controlfield>
  <datafield tag="012" ind1=" " ind2=" ">
    <subfield code="a">i-ya r,de n-am coIt (C) 1579 (Q)</subfield>
    <subfield code="2">fei</subfield>
  </datafield>
  <datafield tag="100" ind1=" " ind2=" ">
    <subfield code="a">20040507f15791585    0itac0103    ba</subfield>
  </datafield>
  <datafield tag="101" ind1=" " ind2=" ">
    <subfield code="a">CAT</subfield>
  </datafield>
  <datafield tag="102" ind1=" " ind2=" ">
    <subfield code="a">IT</subfield>
  </datafield>
  <datafield tag="200" ind1="1" ind2=" ">
    <subfield code="a">Pragmatica real, sobre la conseruacio dels bestiars, y punicio dels lladres de aquels y decrets de visita general del present Regne de Sardey̨a ab las addicions y moderacions de sa magestat y pragmatica sobre lo machellar ...</subfield>
  </datafield>
  <datafield tag="210" ind1=" " ind2=" ">
    <subfield code="a">En Callar</subfield>
    <subfield code="c">per Francesch Guarner impressor del molt illustre y reuerendiss. seǫr don Nicolau Caęllas bisbe de Bosa</subfield>
    <subfield code="d">\tra il 1579 e il 1585!</subfield>
  </datafield>
  <datafield tag="215" ind1=" " ind2=" ">
    <subfield code="a">\18! c.</subfield>
    <subfield code="d">4ʻ</subfield>
  </datafield>
  <datafield tag="300" ind1=" " ind2=" ">
    <subfield code="a">Per la data cfr.: L. Balsamo, La stampa in Sardegna nei secoli XV e XVI. Con appendice di documenti e annali, n. 41</subfield>
  </datafield>
  <datafield tag="620" ind1=" " ind2=" ">
    <subfield code="a">IT</subfield>
    <subfield code="d">Cagliari</subfield>
  </datafield>
  <datafield tag="710" ind1="0" ind2="2">
    <subfield code="a">Sardegna</subfield>
    <subfield code="3">9673</subfield>
  </datafield>
  <datafield tag="712" ind1="0" ind2="0">
    <subfield code="a"></subfield>
    <subfield code="3">IT\ICCU\CNCT\000480</subfield>
    <subfield code="4">650</subfield>
  </datafield>
  <datafield tag="712" ind1="0" ind2="0">
    <subfield code="a">Guarnerio, Francesco</subfield>
    <subfield code="3">IT\ICCU\CNCT\000609</subfield>
    <subfield code="4">650</subfield>
  </datafield>
  <datafield tag="791" ind1="0" ind2="0">
    <subfield code="a">Canyellas, Nicolaus</subfield>
    <subfield code="3">IT\ICCU\CNCT\003133</subfield>
    <subfield code="z"></subfield>
  </datafield>
  <datafield tag="791" ind1="0" ind2="0">
    <subfield code="a">Cannyelles, Nicolaus</subfield>
    <subfield code="3">IT\ICCU\CNCT\003134</subfield>
    <subfield code="z"></subfield>
  </datafield>
  <datafield tag="791" ind1="0" ind2="0">
    <subfield code="a">Canellas, Nicolau</subfield>
    <subfield code="3">IT\ICCU\CNCT\004434</subfield>
    <subfield code="z"></subfield>
  </datafield>
  <datafield tag="791" ind1="0" ind2="0">
    <subfield code="a">Guarnerius, Franciscus</subfield>
    <subfield code="3">IT\ICCU\CNCT\005062</subfield>
    <subfield code="z">Guarnerio, Francesco</subfield>
  </datafield>
  <datafield tag="791" ind1="0" ind2="0">
    <subfield code="a">Guarner, Francisco</subfield>
    <subfield code="3">IT\ICCU\CNCT\005063</subfield>
    <subfield code="z">Guarnerio, Francesco</subfield>
  </datafield>
  <datafield tag="791" ind1="0" ind2="0">
    <subfield code="a">Guarneriu, Franciscu</subfield>
    <subfield code="3">IT\ICCU\CNCT\005064</subfield>
    <subfield code="z">Guarnerio, Francesco</subfield>
  </datafield>
  <datafield tag="801" ind1=" " ind2="3">
    <subfield code="a">IT</subfield>
    <subfield code="b">ICCU</subfield>
    <subfield code="c">20201115</subfield>
  </datafield>
  <datafield tag="899" ind1=" " ind2=" ">
    <subfield code="a">Biblioteca universitaria. Cagliari</subfield>
    <subfield code="1">CA0194</subfield>
    <subfield code="2">CAG UC</subfield>
  </datafield>
</record>
</collection>
